@article{whymenmatter2007,
    author = {Tuljapurkar, Shripad D. AND Puleston, Cedric O. AND Gurven, Michael D.},
    journal = {PLOS ONE},
    publisher = {Public Library of Science},
    title = {Why Men Matter: Mating Patterns Drive Evolution of Human Lifespan},
    year = {2007},
    url = {http://dx.doi.org/10.1371%2Fjournal.pone.0000785}
}